<?xml version="1.0" encoding="UTF-8"?><record xmlns="http://www.loc.gov/MARC21/slim" xmlns:cinclude="http://apache.org/cocoon/include/1.0" xmlns:zs="http://www.loc.gov/zing/srw/">
  <leader>01097cz  a2200217n  4500</leader>
  <controlfield tag="001">nr2006015175</controlfield>
  <controlfield tag="003">DLC</controlfield>
  <controlfield tag="005">20140411073823.0</controlfield>
  <controlfield tag="008">060607n| azannaabn          |a aaa     c</controlfield>
  <datafield tag="010" ind1=" " ind2=" ">
    <subfield code="a">nr2006015175</subfield>
  </datafield>
  <datafield tag="035" ind1=" " ind2=" ">
    <subfield code="a">(OCoLC)oca06964582</subfield>
  </datafield>
  <datafield tag="040" ind1=" " ind2=" ">
    <subfield code="a">CtY-Mus</subfield>
    <subfield code="b">eng</subfield>
    <subfield code="e">rda</subfield>
    <subfield code="c">CtY-Mus</subfield>
    <subfield code="d">DLC</subfield>
    <subfield code="d">IEN-Mu</subfield>
  </datafield>
  <datafield tag="100" ind1="1" ind2=" ">
    <subfield code="a">Gurilev, A.</subfield>
    <subfield code="q">(Aleksandr),</subfield>
    <subfield code="d">1803-1858.</subfield>
    <subfield code="t">Razluka</subfield>
  </datafield>
  <datafield tag="400" ind1="1" ind2=" ">
    <subfield code="a">Gurilev, A.</subfield>
    <subfield code="q">(Aleksandr),</subfield>
    <subfield code="d">1803-1858.</subfield>
    <subfield code="t">Foggy twilight of youth</subfield>
  </datafield>
  <datafield tag="400" ind1="1" ind2=" ">
    <subfield code="a">Gurilev, A.</subfield>
    <subfield code="q">(Aleksandr),</subfield>
    <subfield code="d">1803-1858.</subfield>
    <subfield code="t">In the cloudy dawn of youth</subfield>
  </datafield>
  <datafield tag="400" ind1="1" ind2=" ">
    <subfield code="a">Gurilev, A.</subfield>
    <subfield code="q">(Aleksandr),</subfield>
    <subfield code="d">1803-1858.</subfield>
    <subfield code="t">Na zare tumannoĭ i︠u︡nosti</subfield>
  </datafield>
  <datafield tag="400" ind1="1" ind2=" ">
    <subfield code="a">Gurilev, A.</subfield>
    <subfield code="q">(Aleksandr),</subfield>
    <subfield code="d">1803-1858.</subfield>
    <subfield code="t">Na zare tumannoy unostie</subfield>
  </datafield>
  <datafield tag="400" ind1="1" ind2=" ">
    <subfield code="a">Gurilev, A.</subfield>
    <subfield code="q">(Aleksandr),</subfield>
    <subfield code="d">1803-1858.</subfield>
    <subfield code="t">Na zare tumannoy yunosti</subfield>
  </datafield>
  <datafield tag="400" ind1="1" ind2=" ">
    <subfield code="a">Gurilev, A.</subfield>
    <subfield code="q">(Aleksandr),</subfield>
    <subfield code="d">1803-1858.</subfield>
    <subfield code="t">Na zari︠e︡ tumannoĭ i︠u︡nosti</subfield>
  </datafield>
  <datafield tag="670" ind1=" " ind2=" ">
    <subfield code="a">Tchaikovsky, P.I. Sred shumnovo bala [SR] 195-?:</subfield>
    <subfield code="b">label (Na zare tumannoy unostie = The foggy twilight of youth)</subfield>
  </datafield>
  <datafield tag="670" ind1=" " ind2=" ">
    <subfield code="a">Pazdírek</subfield>
    <subfield code="b">(Romansy i pi︠e︡sni. Gutheil. 40. Razluka (Na zari︠e︡ tumannoĭ i︠u︡nosti) [in Cyrillic])</subfield>
  </datafield>
</record>